@misc{sauer2018数值分析,
  title={数值分析},
  author={Sauer, Timothy and 裴玉茹 and 马赓宇},
  year={2018},
  publisher={北京: 机械工业出版社}
}

@article{gardarsson2013some,
  title={Some theoretical and numerical aspects of the N-body problem},
  author={Gardarsson Myrdal, Kjartan Kari},
  journal={Bachelor's Theses in Mathematical Sciences},
  year={2013}
}
